@inproceedings{araujo2012serimi,
  title={SERIMI: Class-based Disambiguation for Effective Instance Matching over Heterogeneous Web Data.},
  author={Araujo, Samur and Tran, Duc and DeVries, Arjen and Hidders, Jan and Schwabe, Daniel},
  booktitle={WebDB},
  pages={25--30},
  year={2012}
}
@incollection{auer2007dbpedia,
  title={Dbpedia: A nucleus for a web of open data},
  author={Auer, S{\"o}ren and Bizer, Christian and Kobilarov, Georgi and Lehmann, Jens and Cyganiak, Richard and Ives, Zachary},
  booktitle={The semantic web},
  pages={722--735},
  year={2007},
  publisher={Springer}
}
@inproceedings{aumueller2005schema,
  title={Schema and ontology matching with COMA++},
  author={Aumueller, David and Do, Hong-Hai and Massmann, Sabine and Rahm, Erhard},
  booktitle={Proceedings of the 2005 ACM SIGMOD international conference on Management of data},
  pages={906--908},
  year={2005},
  organization={Acm}
}
@article{holub2014annota,
  title={Annota: Towards enriching scientific publications with semantics and user annotations},
  author={Holub, Michal and Moro, Robert and Sevcech, Jakub and Liptak, Martin and Bielikova, Maria},
  journal={D-Lib Magazine},
  volume={20},
  number={11},
  pages={5},
  year={2014},
  publisher={Corporation for National Research Initiatives}
}
@article{daskalaki2014instance,
  title={Instance matching benchmarks for linked data},
  author={Daskalaki, Evangelia and Fundulaki, I and Herschel, M and Saveta, J},
  journal={ISWC (Tutorial)},
  year={2014}
}
@inproceedings{halpin2010owl,
  title={When owl: sameas isnt the same: An analysis of identity in linked data},
  author={Halpin, Harry and Hayes, Patrick J and McCusker, James P and McGuinness, Deborah L and Thompson, Henry S},
  booktitle={International Semantic Web Conference},
  pages={305--320},
  year={2010},
  organization={Springer}
}
@inproceedings{harth2012database,
  title={Database techniques for linked data management},
  author={Harth, Andreas and Hose, Katja and Schenkel, Ralf},
  booktitle={Proceedings of the 2012 ACM SIGMOD International Conference on Management of Data},
  pages={597--600},
  year={2012},
  organization={ACM}
}
@article{lehmann2007discovering,
  title={Discovering Unknown Connections-the DBpedia Relationship Finder.},
  author={Lehmann, Jens and Sch{\"u}ppel, J{\"o}rg and Auer, S{\"o}ren},
  journal={CSSW},
  volume={113},
  pages={99--110},
  year={2007}
}
@article{leitao2013efficient,
  title={Efficient and effective duplicate detection in hierarchical data},
  author={Leitao, Luis and Calado, Pavel and Herschel, Melanie},
  journal={IEEE Transactions on knowledge and data Engineering},
  volume={25},
  number={5},
  pages={1028--1041},
  year={2013},
  publisher={IEEE}
}
@inproceedings{ley2002dblp,
  title={The DBLP computer science bibliography: Evolution, research issues, perspectives},
  author={Ley, Michael},
  booktitle={International Symposium on String Processing and Information Retrieval},
  pages={1--10},
  year={2002},
  organization={Springer}
}
@inproceedings{melnik2002similarity,
  title={Similarity flooding: A versatile graph matching algorithm and its application to schema matching},
  author={Melnik, Sergey and Garcia-Molina, Hector and Rahm, Erhard},
  booktitle={Data Engineering, 2002. Proceedings. 18th International Conference on},
  pages={117--128},
  year={2002},
  organization={IEEE}
}
@article{ngomo2011limes,
  title={Limes-a time-efficient approach for large-scale link discovery on the web of data},
  author={Ngomo, Axel-Cyrille Ngonga and Auer, S{\"o}ren},
  journal={integration},
  volume={15},
  pages={3},
  year={2011}
}
@inproceedings{nikolov2012unsupervised,
  title={Unsupervised learning of link discovery configuration},
  author={Nikolov, Andriy and dAquin, Mathieu and Motta, Enrico},
  booktitle={Extended Semantic Web Conference},
  pages={119--133},
  year={2012},
  organization={Springer}
}
@incollection{shvaiko2005survey,
  title={A survey of schema-based matching approaches},
  author={Shvaiko, Pavel and Euzenat, J{\'e}r{\^o}me},
  booktitle={Journal on data semantics IV},
  pages={146--171},
  year={2005},
  publisher={Springer}
}
@article{shvaiko2013ontology,
  title={Ontology matching: state of the art and future challenges},
  author={Shvaiko, Pavel and Euzenat, J{\'e}r{\^o}me},
  journal={IEEE Transactions on knowledge and data engineering},
  volume={25},
  number={1},
  pages={158--176},
  year={2013},
  publisher={IEEE}
}
@inproceedings{suchanek2007yago,
  title={Yago: a core of semantic knowledge},
  author={Suchanek, Fabian M and Kasneci, Gjergji and Weikum, Gerhard},
  booktitle={Proceedings of the 16th international conference on World Wide Web},
  pages={697--706},
  year={2007},
  organization={ACM}
}
@article{volz2009silk,
  title={Silk-A Link Discovery Framework for the Web of Data.},
  author={Volz, Julius and Bizer, Christian and Gaedke, Martin and Kobilarov, Georgi},
  journal={LDOW},
  volume={538},
  year={2009}
}
@inproceedings{weikum2010information,
  title={From information to knowledge: harvesting entities and relationships from web sources},
  author={Weikum, Gerhard and Theobald, Martin},
  booktitle={Proceedings of the twenty-ninth ACM SIGMOD-SIGACT-SIGART symposium on Principles of database systems},
  pages={65--76},
  year={2010},
  organization={ACM}
}
@incollection{zaiane2009mining,
  title={Mining research communities in bibliographical data},
  author={Za{\"\i}ane, Osmar R and Chen, Jiyang and Goebel, Randy},
  booktitle={Advances in web mining and web usage analysis},
  pages={59--76},
  year={2009},
  publisher={Springer}
}
@inproceedings{zhao2012graph,
  title={Graph-based ontology analysis in the linked open data},
  author={Zhao, Lihua and Ichise, Ryutaro},
  booktitle={Proceedings of the 8th international conference on semantic systems},
  pages={56--63},
  year={2012},
  organization={ACM}
}